02:42:07,36.30030059814453,0
02:42:09,36.30030059814453,1
02:42:11,36.30030059814453,2
02:42:13,36.30030059814453,3
02:42:15,36.30030059814453,4
02:42:16,36.30030059814453,5
02:42:18,36.30030059814453,6
02:42:20,36.36600112915039,7
02:42:22,36.36600112915039,8
02:42:23,36.369998931884766,9
02:42:25,36.369998931884766,10
02:42:27,36.369998931884766,11
02:42:29,36.369998931884766,12
02:42:30,36.369998931884766,13
02:42:32,36.369998931884766,14
02:42:34,36.369998931884766,15
02:42:36,36.374698638916016,16
02:42:37,36.374698638916016,17
02:42:39,36.374698638916016,18
02:42:41,36.374698638916016,19
02:42:42,36.374698638916016,20
02:42:44,36.369998931884766,21
02:42:46,36.369998931884766,22
02:42:48,36.369998931884766,23
02:42:49,36.369998931884766,24
02:42:51,36.369998931884766,25
02:42:53,36.36009979248047,26
02:42:55,36.36009979248047,27
02:42:56,36.38999938964844,28
02:42:58,36.399898529052734,29
02:43:00,36.399898529052734,30
02:43:02,36.399898529052734,31
02:43:03,36.439998626708984,32
02:43:05,36.40999984741211,33
02:43:07,36.40999984741211,34
02:43:09,36.400001525878906,35
02:43:10,36.390201568603516,36
02:43:12,36.38999938964844,37
02:43:14,36.400001525878906,38
02:43:16,36.400001525878906,39
02:43:17,36.400001525878906,40
02:43:19,36.39500045776367,41
02:43:21,36.39500045776367,42
02:43:23,36.39500045776367,43
02:43:24,36.39500045776367,44
02:43:26,36.39500045776367,45
02:43:28,36.39500045776367,46
02:43:30,36.4192008972168,47
02:43:31,36.4192008972168,48
02:43:33,36.4192008972168,49
02:43:35,36.41999816894531,50
02:43:37,36.41999816894531,51
02:43:38,36.41999816894531,52
02:43:40,36.41999816894531,53
02:43:42,36.38010025024414,54
02:43:44,36.38010025024414,55
02:43:46,36.38010025024414,56
02:43:47,36.38010025024414,57
02:43:49,36.38010025024414,58
02:43:51,36.38010025024414,59
02:43:53,36.38010025024414,60
02:43:54,36.38010025024414,61
02:43:56,36.38010025024414,62
02:43:58,36.400001525878906,63
02:44:00,36.400001525878906,64
02:44:01,36.400001525878906,65
02:44:03,36.400001525878906,66
02:44:05,36.400001525878906,67
02:44:07,36.38999938964844,68
02:44:08,36.38999938964844,69
02:44:10,36.38999938964844,70
02:44:12,36.41299819946289,71
02:44:14,36.41299819946289,72
02:44:15,36.41299819946289,73
02:44:17,36.429901123046875,74
02:44:19,36.404998779296875,75
02:44:21,36.421199798583984,76
02:44:22,36.421199798583984,77
02:44:24,36.421199798583984,78
02:44:26,36.403900146484375,79
02:44:28,36.403900146484375,80
02:44:29,36.403900146484375,81
02:44:31,36.403900146484375,82
02:44:33,36.403900146484375,83
02:44:35,36.403900146484375,84
02:44:36,36.403900146484375,85
02:44:38,36.403900146484375,86
02:44:40,36.403900146484375,87
02:44:42,36.439998626708984,88
02:44:43,36.439998626708984,89
02:44:45,36.439998626708984,90
02:44:47,36.439998626708984,91
02:44:49,36.45500183105469,92
02:44:50,36.45500183105469,93
02:44:52,36.45500183105469,94
02:44:54,36.47359848022461,95
02:44:56,36.47359848022461,96
02:44:58,36.47359848022461,97
02:44:59,36.4275016784668,98
02:45:01,36.4275016784668,99
02:45:03,36.4275016784668,100
02:45:05,36.4275016784668,101
02:45:06,36.4275016784668,102
02:45:08,36.44499969482422,103
02:45:10,36.44499969482422,104
02:45:12,36.44499969482422,105
02:45:13,36.400001525878906,106
02:45:15,36.400001525878906,107
02:45:17,36.36750030517578,108
02:45:19,36.36750030517578,109
02:45:20,36.36750030517578,110
02:45:22,36.36750030517578,111
02:45:24,36.36750030517578,112
02:45:26,36.36750030517578,113
02:45:27,36.409698486328125,114
02:45:29,36.40999984741211,115
02:45:31,36.40999984741211,116
02:45:33,36.40999984741211,117
02:45:34,36.40999984741211,118
02:45:36,36.40999984741211,119
02:45:38,36.40999984741211,120
02:45:40,36.40999984741211,121
02:45:42,36.40999984741211,122
02:45:43,36.40999984741211,123
02:45:45,36.40999984741211,124
02:45:47,36.40999984741211,125
02:45:49,36.40999984741211,126
02:45:50,36.40999984741211,127
02:45:52,36.40999984741211,128
02:45:54,36.40999984741211,129
02:45:56,36.40999984741211,130
02:45:57,36.40999984741211,131
02:45:59,36.400001525878906,132
02:46:01,36.400001525878906,133
02:46:03,36.400001525878906,134
02:46:05,36.400001525878906,135
02:46:07,36.400001525878906,136
02:46:08,36.400001525878906,137
02:46:10,36.400001525878906,138
02:46:12,36.400001525878906,139
02:46:14,36.400001525878906,140
02:46:16,36.400001525878906,141
02:46:17,36.400001525878906,142
02:46:19,36.400001525878906,143
02:46:21,36.400001525878906,144
02:46:23,36.400001525878906,145
02:46:25,36.400001525878906,146
02:46:26,36.400001525878906,147
02:46:28,36.400001525878906,148
02:46:30,36.400001525878906,149
02:46:32,36.400001525878906,150
02:46:34,36.400001525878906,151
02:46:35,36.400001525878906,152
02:46:37,36.40679931640625,153
02:46:39,36.40679931640625,154
02:46:41,36.40679931640625,155
02:46:43,36.40679931640625,156
02:46:44,36.3849983215332,157
02:46:46,36.3849983215332,158
02:46:48,36.3849983215332,159
02:46:50,36.3849983215332,160
02:46:52,36.3849983215332,161
02:46:53,36.3849983215332,162
02:46:55,36.38999938964844,163
02:46:57,36.380001068115234,164
02:46:59,36.38999938964844,165
02:47:01,36.400001525878906,166
02:47:02,36.400001525878906,167
02:47:04,36.400001525878906,168
02:47:06,36.400001525878906,169
02:47:08,36.400001525878906,170
02:47:09,36.380001068115234,171
02:47:11,36.399898529052734,172
02:47:13,36.400001525878906,173
02:47:15,36.400001525878906,174
02:47:17,36.38999938964844,175
02:47:19,36.38999938964844,176
02:47:21,36.38999938964844,177
02:47:22,36.38999938964844,178
02:47:24,36.38999938964844,179
02:47:26,36.38999938964844,180
02:47:28,36.38999938964844,181
02:47:30,36.38779830932617,182
02:47:31,36.38779830932617,183
02:47:33,36.38779830932617,184
02:47:35,36.38779830932617,185
02:47:37,36.400001525878906,186
02:47:40,36.400001525878906,187
02:47:42,36.400001525878906,188
02:47:43,36.400001525878906,189
02:47:45,36.400001525878906,190
02:47:47,36.400001525878906,191
02:47:49,36.400001525878906,192
02:47:50,36.400001525878906,193
02:47:52,36.400001525878906,194
02:47:54,36.400001525878906,195
02:47:56,36.400001525878906,196
02:47:57,36.400001525878906,197
02:47:59,36.400001525878906,198
02:48:01,36.400001525878906,199
02:48:03,36.400001525878906,200
02:48:05,36.400001525878906,201
02:48:06,36.41999816894531,202
02:48:08,36.41999816894531,203
02:48:10,36.41999816894531,204
02:48:12,36.41999816894531,205
02:48:14,36.40999984741211,206
02:48:15,36.404998779296875,207
02:48:17,36.404998779296875,208
02:48:19,36.404998779296875,209
02:48:21,36.41999816894531,210
02:48:22,36.41999816894531,211
02:48:24,36.41999816894531,212
02:48:26,36.41999816894531,213
02:48:28,36.41999816894531,214
02:48:30,36.41999816894531,215
02:48:31,36.439998626708984,216
02:48:33,36.439998626708984,217
02:48:35,36.439998626708984,218
02:48:37,36.43989944458008,219
02:48:39,36.43989944458008,220
02:48:40,36.43989944458008,221
02:48:42,36.413299560546875,222
02:48:44,36.413299560546875,223
02:48:46,36.41999816894531,224
02:48:48,36.41999816894531,225
02:48:49,36.41999816894531,226
02:48:51,36.41999816894531,227
02:48:53,36.41999816894531,228
02:48:55,36.41999816894531,229
02:48:56,36.41999816894531,230
02:48:58,36.43000030517578,231
02:49:00,36.43000030517578,232
02:49:02,36.43000030517578,233
02:49:04,36.43000030517578,234
02:49:05,36.43000030517578,235
02:49:07,36.42499923706055,236
02:49:09,36.42499923706055,237
02:49:11,36.41460037231445,238
02:49:13,36.45000076293945,239
02:49:15,36.45000076293945,240
02:49:16,36.42499923706055,241
02:49:18,36.42499923706055,242
02:49:20,36.42499923706055,243
02:49:22,36.42499923706055,244
02:49:23,36.42499923706055,245
02:49:25,36.42499923706055,246
02:49:27,36.459999084472656,247
02:49:29,36.45500183105469,248
02:49:31,36.459999084472656,249
02:49:32,36.47999954223633,250
02:49:36,36.4900016784668,251
02:49:38,36.4900016784668,252
02:49:40,36.4900016784668,253
02:49:42,36.4900016784668,254
02:49:44,36.4900016784668,255
02:49:46,36.47990036010742,256
02:49:47,36.48699951171875,257
02:49:49,36.48699951171875,258
02:49:51,36.48699951171875,259
02:49:53,36.47999954223633,260
02:49:55,36.47999954223633,261
02:49:56,36.46950149536133,262
02:49:58,36.46950149536133,263
02:50:00,36.46950149536133,264
02:50:02,36.46950149536133,265
02:50:04,36.46950149536133,266
02:50:05,36.47909927368164,267
02:50:07,36.47909927368164,268
02:50:09,36.47909927368164,269
02:50:11,36.47909927368164,270
02:50:13,36.47909927368164,271
02:50:14,36.43000030517578,272
02:50:16,36.43000030517578,273
02:50:18,36.43000030517578,274
02:50:20,36.43000030517578,275
02:50:22,36.43000030517578,276
02:50:24,36.43000030517578,277
02:50:25,36.43000030517578,278
02:50:27,36.43000030517578,279
02:50:29,36.43000030517578,280
02:50:31,36.45500183105469,281
02:50:33,36.45500183105469,282
02:50:34,36.45500183105469,283
02:50:36,36.47999954223633,284
02:50:38,36.45000076293945,285
02:50:40,36.45000076293945,286
02:50:42,36.4900016784668,287
02:50:44,36.4900016784668,288
02:50:45,36.4900016784668,289
02:50:47,36.4900016784668,290
02:50:49,36.459999084472656,291
02:50:51,36.439998626708984,292
02:50:53,36.439998626708984,293
02:50:54,36.44779968261719,294
02:50:56,36.45000076293945,295
02:50:58,36.45000076293945,296
02:51:00,36.45000076293945,297
02:51:02,36.45500183105469,298
02:51:03,36.45500183105469,299
02:51:05,36.45500183105469,300
02:51:07,36.45500183105469,301
02:51:09,36.45500183105469,302
02:51:11,36.45500183105469,303
02:51:12,36.47999954223633,304
02:51:14,36.47999954223633,305
02:51:16,36.47999954223633,306
02:51:18,36.47999954223633,307
02:51:20,36.47999954223633,308
02:51:22,36.47999954223633,309
02:51:24,36.47999954223633,310
02:51:25,36.47999954223633,311
02:51:27,36.47999954223633,312
02:51:29,36.47999954223633,313
02:51:31,36.459999084472656,314
02:51:33,36.459999084472656,315
02:51:34,36.459999084472656,316
02:51:36,36.459999084472656,317
02:51:38,36.459999084472656,318
02:51:40,36.459999084472656,319
02:51:42,36.459999084472656,320
02:51:44,36.459999084472656,321
02:51:48,36.459999084472656,322
02:51:50,36.459999084472656,323
02:51:52,36.459999084472656,324
02:51:54,36.459999084472656,325
02:51:56,36.478599548339844,326
02:51:57,36.478599548339844,327
02:51:59,36.47999954223633,328
02:52:01,36.47999954223633,329
02:52:03,36.47999954223633,330
02:52:05,36.47999954223633,331
02:52:07,36.5099983215332,332
02:52:08,36.5099983215332,333
02:52:10,36.5,334
02:52:12,36.4900016784668,335
02:52:14,36.4900016784668,336
02:52:16,36.4900016784668,337
02:52:18,36.4900016784668,338
02:52:20,36.51499938964844,339
02:52:21,36.51499938964844,340
02:52:23,36.4900016784668,341
02:52:25,36.4900016784668,342
02:52:27,36.4900016784668,343
02:52:29,36.4900016784668,344
02:52:31,36.4900016784668,345
02:52:33,36.4900016784668,346
02:52:34,36.459999084472656,347
02:52:36,36.459999084472656,348
02:52:38,36.459999084472656,349
02:52:40,36.45000076293945,350
02:52:42,36.46989822387695,351
02:52:44,36.46989822387695,352
02:52:45,36.46989822387695,353
02:52:47,36.46989822387695,354
02:52:49,36.46989822387695,355
02:52:51,36.470001220703125,356
02:52:53,36.470001220703125,357
02:52:55,36.470001220703125,358
02:52:56,36.470001220703125,359
02:52:58,36.470001220703125,360
02:53:00,36.459999084472656,361
02:53:02,36.43299865722656,362
02:53:04,36.43299865722656,363
02:53:06,36.43000030517578,364
02:53:07,36.42499923706055,365
02:53:09,36.42499923706055,366
02:53:11,36.42499923706055,367
02:53:13,36.42499923706055,368
02:53:15,36.40999984741211,369
02:53:17,36.459999084472656,370
02:53:19,36.459999084472656,371
02:53:20,36.42660140991211,372
02:53:22,36.42660140991211,373
02:53:24,36.42660140991211,374
02:53:26,36.43009948730469,375
02:53:28,36.43009948730469,376
02:53:30,36.43009948730469,377
02:53:32,36.43009948730469,378
02:53:33,36.43009948730469,379
02:53:35,36.43009948730469,380
02:53:37,36.43009948730469,381
02:53:39,36.43009948730469,382
02:53:41,36.439998626708984,383
02:53:43,36.43000030517578,384
02:53:45,36.43000030517578,385
02:53:46,36.43000030517578,386
02:53:48,36.43000030517578,387
02:53:50,36.43000030517578,388
02:53:52,36.43000030517578,389
02:53:54,36.439998626708984,390
02:53:56,36.439998626708984,391
02:53:58,36.439998626708984,392
02:53:59,36.439998626708984,393
02:54:01,36.439998626708984,394
02:54:03,36.439998626708984,395
02:54:05,36.439998626708984,396
02:54:07,36.439998626708984,397
02:54:09,36.439998626708984,398
02:54:11,36.43000030517578,399
02:54:12,36.43000030517578,400
02:54:14,36.43000030517578,401
02:54:16,36.43000030517578,402
02:54:18,36.43000030517578,403
02:54:20,36.40999984741211,404
02:54:22,36.40999984741211,405
02:54:23,36.40999984741211,406
02:54:25,36.40999984741211,407
02:54:27,36.40999984741211,408
02:54:29,36.40999984741211,409
02:54:31,36.40999984741211,410
02:54:33,36.40739822387695,411
02:54:35,36.40739822387695,412
02:54:36,36.40739822387695,413
02:54:38,36.415000915527344,414
02:54:40,36.415000915527344,415
02:54:42,36.415000915527344,416
02:54:44,36.415000915527344,417
02:54:46,36.415000915527344,418
02:54:48,36.415000915527344,419
02:54:50,36.415000915527344,420
02:54:51,36.415000915527344,421
02:54:53,36.415000915527344,422
02:54:55,36.415000915527344,423
02:54:57,36.415000915527344,424
02:54:59,36.415000915527344,425
02:55:01,36.41999816894531,426
02:55:03,36.41999816894531,427
02:55:05,36.40489959716797,428
02:55:06,36.40489959716797,429
02:55:08,36.40489959716797,430
02:55:10,36.40489959716797,431
02:55:12,36.400001525878906,432
02:55:14,36.400001525878906,433
02:55:16,36.38999938964844,434
02:55:18,36.38999938964844,435
02:55:20,36.38999938964844,436
02:55:21,36.400001525878906,437
02:55:23,36.40999984741211,438
02:55:25,36.43190002441406,439
02:55:27,36.439998626708984,440
02:55:29,36.439998626708984,441
02:55:31,36.439998626708984,442
02:55:33,36.439998626708984,443
02:55:35,36.439998626708984,444
02:55:37,36.439998626708984,445
02:55:38,36.43989944458008,446
02:55:40,36.43989944458008,447
02:55:42,36.43000030517578,448
02:55:44,36.43000030517578,449
02:55:46,36.43000030517578,450
02:55:48,36.43000030517578,451
02:55:50,36.43000030517578,452
02:55:52,36.43000030517578,453
02:55:53,36.43000030517578,454
02:55:55,36.43000030517578,455
02:55:57,36.43000030517578,456
02:55:59,36.439998626708984,457
02:56:01,36.439998626708984,458
02:56:03,36.439998626708984,459
02:56:05,36.439998626708984,460
02:56:06,36.439998626708984,461
02:56:08,36.439998626708984,462
02:56:10,36.439998626708984,463
02:56:12,36.45000076293945,464
02:56:14,36.45000076293945,465
02:56:16,36.45000076293945,466
02:56:18,36.439998626708984,467
02:56:20,36.439998626708984,468
02:56:22,36.439998626708984,469
02:56:23,36.439998626708984,470
02:56:25,36.439998626708984,471
02:56:27,36.439998626708984,472
02:56:29,36.439998626708984,473
02:56:31,36.439998626708984,474
02:56:33,36.439998626708984,475
02:56:35,36.439998626708984,476
02:56:37,36.439998626708984,477
02:56:39,36.400001525878906,478
02:56:40,36.400001525878906,479
02:56:42,36.394901275634766,480
02:56:44,36.38999938964844,481
02:56:46,36.38999938964844,482
02:56:48,36.38999938964844,483
02:56:50,36.400001525878906,484
02:56:52,36.400001525878906,485
02:56:54,36.400001525878906,486
02:56:56,36.38999938964844,487
02:56:58,36.38999938964844,488
02:57:00,36.38999938964844,489
02:57:01,36.39360046386719,490
02:57:03,36.39360046386719,491
02:57:05,36.39360046386719,492
02:57:07,36.380001068115234,493
02:57:09,36.400001525878906,494
02:57:11,36.400001525878906,495
02:57:13,36.400001525878906,496
02:57:15,36.38999938964844,497
02:57:17,36.38999938964844,498
02:57:19,36.38999938964844,499
02:57:21,36.39609909057617,500
02:57:22,36.39609909057617,501
02:57:24,36.39609909057617,502
02:57:26,36.39609909057617,503
02:57:28,36.39609909057617,504
02:57:30,36.39609909057617,505
02:57:32,36.39609909057617,506
02:57:34,36.39609909057617,507
02:57:36,36.41170120239258,508
02:57:38,36.400001525878906,509
02:57:40,36.400001525878906,510
02:57:42,36.41999816894531,511
02:57:44,36.41999816894531,512
02:57:45,36.416099548339844,513
02:57:47,36.415000915527344,514
02:57:49,36.40999984741211,515
02:57:51,36.40999984741211,516
02:57:53,36.43000030517578,517
02:57:55,36.43000030517578,518
02:57:57,36.43000030517578,519
02:57:59,36.470001220703125,520
02:58:01,36.48500061035156,521
02:58:03,36.5,522
02:58:05,36.4900016784668,523
02:58:07,36.4900016784668,524
02:58:09,36.4900016784668,525
02:58:10,36.499900817871094,526
02:58:12,36.505001068115234,527
02:58:14,36.505001068115234,528
02:58:16,36.505001068115234,529
02:58:18,36.505001068115234,530
02:58:20,36.5099983215332,531
02:58:22,36.5099983215332,532
02:58:24,36.5099983215332,533
02:58:26,36.5099983215332,534
02:58:28,36.5099983215332,535
02:58:30,36.5099983215332,536
02:58:32,36.5099983215332,537
02:58:34,36.5099983215332,538
02:58:36,36.5099983215332,539
02:58:37,36.529998779296875,540
02:58:39,36.5099983215332,541
02:58:41,36.5099983215332,542
02:58:43,36.52000045776367,543
02:58:45,36.5099983215332,544
02:58:47,36.5099983215332,545
02:58:49,36.5099983215332,546
02:58:51,36.500099182128906,547
02:58:53,36.51020050048828,548
02:58:55,36.52000045776367,549
02:58:57,36.529998779296875,550
02:58:59,36.529998779296875,551
02:59:01,36.529998779296875,552
02:59:03,36.56999969482422,553
02:59:05,36.56999969482422,554
02:59:07,36.56999969482422,555
02:59:09,36.56999969482422,556
02:59:11,36.56999969482422,557
02:59:12,36.56999969482422,558
02:59:14,36.56999969482422,559
02:59:16,36.56999969482422,560
02:59:18,36.56999969482422,561
02:59:20,36.56999969482422,562
02:59:22,36.56999969482422,563
02:59:24,36.56999969482422,564
02:59:26,36.52000045776367,565
02:59:28,36.52000045776367,566
02:59:30,36.52000045776367,567
02:59:32,36.52000045776367,568
02:59:34,36.52000045776367,569
02:59:36,36.52000045776367,570
02:59:38,36.52000045776367,571
02:59:40,36.52000045776367,572
02:59:42,36.52000045776367,573
02:59:44,36.52000045776367,574
02:59:46,36.52000045776367,575
02:59:47,36.52000045776367,576
02:59:49,36.52000045776367,577
02:59:51,36.52000045776367,578
02:59:53,36.512001037597656,579
02:59:55,36.51490020751953,580
02:59:57,36.540000915527344,581
02:59:59,36.5099983215332,582
03:00:01,36.5099983215332,583
03:00:03,36.5099983215332,584
03:00:05,36.5099983215332,585
03:00:07,36.5099983215332,586
03:00:09,36.5099983215332,587
03:00:11,36.5099983215332,588
03:00:13,36.5099983215332,589
03:00:15,36.5099983215332,590
03:00:17,36.5099983215332,591
03:00:19,36.52000045776367,592
03:00:21,36.5099983215332,593
03:00:23,36.474998474121094,594
03:00:25,36.474998474121094,595
03:00:27,36.474998474121094,596
03:00:29,36.49570083618164,597
03:00:31,36.498199462890625,598
03:00:33,36.498199462890625,599
03:00:35,36.494998931884766,600
03:00:37,36.494998931884766,601
03:00:39,36.494998931884766,602
03:00:41,36.494998931884766,603
03:00:43,36.494998931884766,604
03:00:45,36.52439880371094,605
03:00:47,36.52439880371094,606
03:00:48,36.52439880371094,607
03:00:50,36.4900016784668,608
03:00:52,36.4900016784668,609
03:00:54,36.4900016784668,610
03:00:56,36.51620101928711,611
03:00:58,36.529998779296875,612
03:01:00,36.529998779296875,613
03:01:02,36.560001373291016,614
03:01:04,36.560001373291016,615
03:01:06,36.560001373291016,616
03:01:08,36.560001373291016,617
03:01:10,36.560001373291016,618
03:01:12,36.560001373291016,619
03:01:14,36.56999969482422,620
03:01:16,36.599998474121094,621
03:01:18,36.599998474121094,622
03:01:20,36.599998474121094,623
03:01:22,36.599998474121094,624
03:01:24,36.59000015258789,625
03:01:26,36.58110046386719,626
03:01:28,36.58000183105469,627
03:01:30,36.589900970458984,628
03:01:32,36.589900970458984,629
03:01:34,36.57500076293945,630
03:01:36,36.57500076293945,631
03:01:38,36.560001373291016,632
03:01:40,36.560001373291016,633
03:01:42,36.560001373291016,634
03:01:44,36.59000015258789,635
03:01:46,36.560001373291016,636
03:01:48,36.560001373291016,637
03:01:50,36.54999923706055,638
03:01:52,36.54999923706055,639
03:01:54,36.54999923706055,640
03:01:56,36.54999923706055,641
03:01:58,36.54999923706055,642
03:02:00,36.54999923706055,643
03:02:02,36.54999923706055,644
03:02:04,36.57899856567383,645
03:02:06,36.57899856567383,646
03:02:08,36.59000015258789,647
03:02:10,36.59000015258789,648
03:02:12,36.599998474121094,649
03:02:14,36.596500396728516,650
03:02:16,36.584999084472656,651
03:02:18,36.584999084472656,652
03:02:20,36.56010055541992,653
03:02:22,36.56010055541992,654
03:02:24,36.56010055541992,655
03:02:26,36.575599670410156,656
03:02:28,36.575599670410156,657
03:02:30,36.575599670410156,658
03:02:32,36.575599670410156,659
03:02:34,36.575599670410156,660
03:02:36,36.575599670410156,661
03:02:38,36.575599670410156,662
03:02:40,36.57500076293945,663
03:02:42,36.57500076293945,664
03:02:44,36.57500076293945,665
03:02:46,36.599998474121094,666
03:02:48,36.61000061035156,667
03:02:50,36.6150016784668,668
03:02:53,36.619998931884766,669
03:02:55,36.630001068115234,670
03:02:57,36.630001068115234,671
03:02:59,36.630001068115234,672
03:03:01,36.630001068115234,673
03:03:03,36.619998931884766,674
03:03:05,36.619998931884766,675
03:03:07,36.619998931884766,676
03:03:09,36.619998931884766,677
03:03:11,36.619998931884766,678
03:03:13,36.6349983215332,679
03:03:15,36.6349983215332,680
03:03:17,36.6349983215332,681
03:03:19,36.619998931884766,682
03:03:21,36.619998931884766,683
03:03:23,36.619998931884766,684
03:03:25,36.619998931884766,685
03:03:27,36.619998931884766,686
03:03:29,36.57080078125,687
03:03:31,36.56999969482422,688
03:03:33,36.59000015258789,689
03:03:35,36.59000015258789,690
03:03:37,36.59000015258789,691
03:03:39,36.54999923706055,692
03:03:41,36.54999923706055,693
03:03:43,36.56999969482422,694
03:03:45,36.56999969482422,695
03:03:47,36.54999923706055,696
03:03:49,36.54999923706055,697
03:03:51,36.54999923706055,698
03:03:53,36.54999923706055,699
03:03:55,36.54999923706055,700
03:03:57,36.54999923706055,701
03:03:59,36.609901428222656,702
03:04:02,36.609901428222656,703
03:04:04,36.609901428222656,704
03:04:06,36.609901428222656,705
03:04:08,36.56999969482422,706
03:04:10,36.56999969482422,707
03:04:12,36.56010055541992,708
03:04:14,36.56010055541992,709
03:04:16,36.56010055541992,710
03:04:18,36.56010055541992,711
03:04:20,36.56010055541992,712
03:04:22,36.56010055541992,713
03:04:24,36.56010055541992,714
03:04:26,36.584999084472656,715
03:04:28,36.584999084472656,716
03:04:30,36.584999084472656,717
03:04:32,36.584999084472656,718
03:04:34,36.584999084472656,719
03:04:36,36.54999923706055,720
03:04:38,36.54999923706055,721
03:04:40,36.54999923706055,722
03:04:42,36.54999923706055,723
03:04:44,36.54999923706055,724
03:04:46,36.54999923706055,725
03:04:48,36.560001373291016,726
03:04:51,36.564998626708984,727
03:04:53,36.564998626708984,728
03:04:55,36.564998626708984,729
03:04:57,36.564998626708984,730
03:04:59,36.564998626708984,731
03:05:01,36.564998626708984,732
03:05:03,36.564998626708984,733
03:05:05,36.59989929199219,734
03:05:07,36.59989929199219,735
03:05:09,36.59989929199219,736
03:05:11,36.59989929199219,737
03:05:13,36.58340072631836,738
03:05:15,36.58340072631836,739
03:05:17,36.58340072631836,740
03:05:19,36.58340072631836,741
03:05:21,36.58340072631836,742
03:05:23,36.58340072631836,743
03:05:26,36.54999923706055,744
03:05:28,36.54999923706055,745
03:05:30,36.54999923706055,746
03:05:32,36.54999923706055,747
03:05:34,36.54999923706055,748
03:05:36,36.54999923706055,749
03:05:38,36.54999923706055,750
03:05:40,36.54999923706055,751
03:05:42,36.54999923706055,752
03:05:44,36.54999923706055,753
03:05:46,36.54999923706055,754
03:05:48,36.54999923706055,755
03:05:50,36.54999923706055,756
03:05:53,36.54999923706055,757
03:05:55,36.5099983215332,758
03:05:57,36.5099983215332,759
03:05:59,36.5099983215332,760
03:06:01,36.5099983215332,761
03:06:03,36.5099983215332,762
03:06:05,36.5099983215332,763
03:06:07,36.5099983215332,764
03:06:10,36.5,765
03:06:12,36.47999954223633,766
03:06:14,36.4900016784668,767
03:06:16,36.50210189819336,768
03:06:18,36.50210189819336,769
03:06:20,36.50210189819336,770
03:06:23,36.50210189819336,771
03:06:25,36.5,772
03:06:27,36.5,773
03:06:29,36.5,774
03:06:31,36.47999954223633,775
03:06:33,36.47999954223633,776
03:06:35,36.47999954223633,777
03:06:37,36.47999954223633,778
03:06:40,36.47999954223633,779
03:06:42,36.47999954223633,780
03:06:44,36.47999954223633,781
03:06:46,36.47999954223633,782
03:06:48,36.47999954223633,783
03:06:50,36.47999954223633,784
03:06:52,36.47999954223633,785
03:06:55,36.47999954223633,786
03:06:57,36.47999954223633,787
03:06:59,36.47999954223633,788
03:07:01,36.47999954223633,789
03:07:03,36.47999954223633,790
03:07:05,36.47999954223633,791
03:07:07,36.47999954223633,792
03:07:09,36.5,793
03:07:11,36.5,794
03:07:13,36.5099983215332,795
03:07:16,36.52000045776367,796
03:07:18,36.52000045776367,797
03:07:20,36.52000045776367,798
03:07:22,36.52000045776367,799
03:07:24,36.52000045776367,800
03:07:26,36.52000045776367,801
03:07:28,36.52000045776367,802
03:07:30,36.52000045776367,803
03:07:33,36.52000045776367,804
03:07:35,36.52000045776367,805
03:07:37,36.52000045776367,806
03:07:39,36.515201568603516,807
03:07:41,36.515201568603516,808
03:07:43,36.515201568603516,809
03:07:45,36.515201568603516,810
03:07:48,36.5,811
03:07:50,36.5,812
03:07:52,36.5,813
03:07:54,36.5,814
03:07:56,36.5099983215332,815
03:07:59,36.5099983215332,816
03:08:01,36.5099983215332,817
03:08:03,36.5099983215332,818
03:08:05,36.5099983215332,819
03:08:07,36.5099983215332,820
03:08:10,36.5099983215332,821
03:08:12,36.5099983215332,822
03:08:14,36.5099983215332,823
03:08:16,36.5099983215332,824
03:08:18,36.5099983215332,825
03:08:20,36.5099983215332,826
03:08:22,36.5099983215332,827
03:08:25,36.5099983215332,828
03:08:27,36.5099983215332,829
03:08:29,36.5099983215332,830
03:08:31,36.5099983215332,831
03:08:34,36.540000915527344,832
03:08:36,36.540000915527344,833
03:08:38,36.540000915527344,834
03:08:40,36.540000915527344,835
03:08:42,36.540000915527344,836
03:08:44,36.540000915527344,837
03:08:47,36.54499816894531,838
03:08:49,36.54499816894531,839
03:08:51,36.54499816894531,840
03:08:53,36.540000915527344,841
03:08:55,36.529998779296875,842
03:08:58,36.529998779296875,843
03:09:00,36.529998779296875,844
03:09:02,36.529998779296875,845
03:09:04,36.540000915527344,846
03:09:06,36.540000915527344,847
03:09:09,36.540000915527344,848
03:09:11,36.53850173950195,849
03:09:13,36.53850173950195,850
03:09:15,36.529998779296875,851
03:09:17,36.529998779296875,852
03:09:20,36.529998779296875,853
03:09:22,36.52280044555664,854
03:09:24,36.52280044555664,855
03:09:26,36.52479934692383,856
03:09:28,36.560001373291016,857
03:09:30,36.560001373291016,858
03:09:33,36.58000183105469,859
03:09:35,36.58000183105469,860
03:09:37,36.58000183105469,861
03:09:39,36.58000183105469,862
03:09:41,36.58000183105469,863
03:09:43,36.58000183105469,864
03:09:45,36.58000183105469,865
03:09:48,36.58000183105469,866
03:09:50,36.58000183105469,867
03:09:52,36.58000183105469,868
03:09:54,36.58000183105469,869
03:09:56,36.58000183105469,870
03:09:58,36.58000183105469,871
03:10:01,36.58000183105469,872
03:10:03,36.58000183105469,873
03:10:05,36.58000183105469,874
03:10:07,36.54999923706055,875
03:10:09,36.54999923706055,876
03:10:12,36.54999923706055,877
03:10:14,36.54999923706055,878
03:10:16,36.54999923706055,879
03:10:18,36.529998779296875,880
03:10:20,36.529998779296875,881
03:10:23,36.529998779296875,882
03:10:25,36.529998779296875,883
03:10:27,36.529998779296875,884
03:10:29,36.529998779296875,885
03:10:31,36.529998779296875,886
03:10:34,36.529998779296875,887
03:10:36,36.529998779296875,888
03:10:38,36.529998779296875,889
03:10:40,36.529998779296875,890
03:10:43,36.529998779296875,891
03:10:45,36.529998779296875,892
03:10:47,36.529998779296875,893
03:10:49,36.529998779296875,894
03:10:52,36.529998779296875,895
03:10:54,36.5443000793457,896
03:10:56,36.5443000793457,897
03:10:58,36.5443000793457,898
03:11:00,36.52000045776367,899
03:11:03,36.52000045776367,900
03:11:05,36.52000045776367,901
03:11:07,36.52239990234375,902
03:11:09,36.5,903
03:11:12,36.52000045776367,904
03:11:14,36.52000045776367,905
03:11:16,36.52000045776367,906
03:11:18,36.529998779296875,907
03:11:21,36.529998779296875,908
03:11:23,36.529998779296875,909
03:11:25,36.5099983215332,910
03:11:27,36.5099983215332,911
03:11:30,36.5099983215332,912
03:11:32,36.5099983215332,913
03:11:34,36.5099983215332,914
03:11:36,36.5099983215332,915
03:11:38,36.5099983215332,916
03:11:41,36.5099983215332,917
03:11:43,36.5099983215332,918
03:11:45,36.5099983215332,919
03:11:47,36.5099983215332,920
03:11:49,36.5099983215332,921
03:11:52,36.5099983215332,922
03:11:54,36.5099983215332,923
03:11:56,36.5099983215332,924
03:11:58,36.5099983215332,925
03:12:00,36.4900016784668,926
03:12:03,36.4900016784668,927
03:12:05,36.4900016784668,928
03:12:07,36.4900016784668,929
03:12:09,36.470001220703125,930
03:12:12,36.470001220703125,931
03:12:14,36.470001220703125,932
03:12:16,36.470001220703125,933
03:12:18,36.470001220703125,934
03:12:21,36.470001220703125,935
03:12:23,36.470001220703125,936
03:12:25,36.470001220703125,937
03:12:27,36.470001220703125,938
03:12:29,36.470001220703125,939
03:12:32,36.470001220703125,940
03:12:34,36.470001220703125,941
03:12:36,36.470001220703125,942
03:12:38,36.470001220703125,943
03:12:41,36.470001220703125,944
03:12:43,36.470001220703125,945
03:12:45,36.470001220703125,946
03:12:47,36.470001220703125,947
03:12:49,36.470001220703125,948
03:12:52,36.494998931884766,949
03:12:54,36.494998931884766,950
03:12:56,36.494998931884766,951
03:12:58,36.494998931884766,952
03:13:01,36.494998931884766,953
03:13:03,36.494998931884766,954
03:13:05,36.494998931884766,955
03:13:07,36.494998931884766,956
03:13:09,36.46500015258789,957
03:13:12,36.46500015258789,958
03:13:14,36.46500015258789,959
03:13:16,36.46500015258789,960
03:13:18,36.46500015258789,961
03:13:20,36.46500015258789,962
03:13:23,36.45000076293945,963
03:13:25,36.45000076293945,964
03:13:27,36.41999816894531,965
03:13:29,36.41999816894531,966
03:13:32,36.42839813232422,967
03:13:34,36.43000030517578,968
03:13:36,36.43000030517578,969
03:13:38,36.43000030517578,970
03:13:41,36.43000030517578,971
03:13:43,36.41999816894531,972
03:13:45,36.41999816894531,973
03:13:47,36.38999938964844,974
03:13:50,36.40999984741211,975
03:13:52,36.40999984741211,976
03:13:54,36.40999984741211,977
03:13:57,36.407901763916016,978
03:13:59,36.407901763916016,979
03:14:01,36.407901763916016,980
03:14:04,36.407901763916016,981
03:14:06,36.435001373291016,982
03:14:08,36.435001373291016,983
03:14:11,36.435001373291016,984
03:14:13,36.40079879760742,985
03:14:15,36.40079879760742,986
03:14:18,36.404998779296875,987
03:14:20,36.404998779296875,988
03:14:22,36.404998779296875,989
03:14:25,36.404998779296875,990
03:14:27,36.404998779296875,991
03:14:29,36.400001525878906,992
03:14:32,36.36000061035156,993
03:14:34,36.38399887084961,994
03:14:36,36.38399887084961,995
03:14:39,36.38399887084961,996
03:14:41,36.38399887084961,997
03:14:43,36.38399887084961,998
03:14:46,36.40999984741211,999
03:14:48,36.40999984741211,1000
03:14:50,36.40999984741211,1001
03:14:53,36.40999984741211,1002
03:14:55,36.3849983215332,1003
03:14:58,36.3849983215332,1004
03:15:00,36.36000061035156,1005
03:15:02,36.36000061035156,1006
03:15:05,36.36000061035156,1007
03:15:07,36.3650016784668,1008
03:15:09,36.3650016784668,1009
03:15:12,36.3650016784668,1010
03:15:14,36.375,1011
03:15:16,36.375,1012
03:15:18,36.3650016784668,1013
03:15:21,36.3650016784668,1014
03:15:23,36.428001403808594,1015
03:15:25,36.404998779296875,1016
03:15:28,36.404998779296875,1017
03:15:30,36.404998779296875,1018
03:15:32,36.404998779296875,1019
03:15:34,36.400001525878906,1020
03:15:37,36.400001525878906,1021
03:15:39,36.400001525878906,1022
03:15:41,36.400001525878906,1023
03:15:44,36.400001525878906,1024
03:15:46,36.400001525878906,1025
03:15:48,36.400001525878906,1026
03:15:51,36.400001525878906,1027
03:15:53,36.400001525878906,1028
03:15:55,36.400001525878906,1029
03:15:57,36.400001525878906,1030
03:16:00,36.39830017089844,1031
03:16:02,36.39830017089844,1032
03:16:04,36.39830017089844,1033
03:16:07,36.40999984741211,1034
03:16:09,36.40999984741211,1035
03:16:12,36.40999984741211,1036
03:16:14,36.40999984741211,1037
03:16:16,36.40999984741211,1038
03:16:19,36.40999984741211,1039
03:16:21,36.40999984741211,1040
03:16:24,36.40999984741211,1041
03:16:26,36.40999984741211,1042
03:16:28,36.40999984741211,1043
03:16:31,36.40999984741211,1044
03:16:33,36.4119987487793,1045
03:16:36,36.4119987487793,1046
03:16:38,36.4119987487793,1047
03:16:41,36.4119987487793,1048
03:16:43,36.400001525878906,1049
03:16:45,36.400001525878906,1050
03:16:48,36.400001525878906,1051
03:16:50,36.400001525878906,1052
03:16:53,36.400001525878906,1053
03:16:55,36.400001525878906,1054
03:16:58,36.400001525878906,1055
03:17:00,36.400001525878906,1056
03:17:02,36.39889907836914,1057
03:17:05,36.369998931884766,1058
03:17:07,36.369998931884766,1059
03:17:10,36.371498107910156,1060
03:17:12,36.371498107910156,1061
03:17:15,36.371498107910156,1062
03:17:17,36.400001525878906,1063
03:17:20,36.400001525878906,1064
03:17:22,36.3932991027832,1065
03:17:24,36.3932991027832,1066
03:17:27,36.3932991027832,1067
03:17:29,36.38100051879883,1068
03:17:32,36.38100051879883,1069
03:17:34,36.369998931884766,1070
03:17:36,36.380001068115234,1071
03:17:39,36.369998931884766,1072
03:17:41,36.369998931884766,1073
03:17:43,36.369998931884766,1074
03:17:46,36.369998931884766,1075
03:17:48,36.375,1076
03:17:50,36.36000061035156,1077
03:17:53,36.36000061035156,1078
03:17:55,36.36000061035156,1079
03:17:58,36.36000061035156,1080
03:18:00,36.38999938964844,1081
03:18:03,36.38999938964844,1082
03:18:05,36.38999938964844,1083
03:18:07,36.38999938964844,1084
03:18:10,36.38999938964844,1085
03:18:12,36.38999938964844,1086
03:18:15,36.393001556396484,1087
03:18:17,36.393001556396484,1088
03:18:19,36.393001556396484,1089
03:18:22,36.393001556396484,1090
03:18:24,36.393001556396484,1091
03:18:27,36.393001556396484,1092
03:18:29,36.393001556396484,1093
03:18:32,36.393001556396484,1094
03:18:34,36.393001556396484,1095
03:18:37,36.393001556396484,1096
03:18:39,36.393001556396484,1097
03:18:42,36.393001556396484,1098
03:18:44,36.43000030517578,1099
03:18:47,36.42499923706055,1100
03:18:49,36.439998626708984,1101
03:18:52,36.439998626708984,1102
03:18:54,36.439998626708984,1103
03:18:56,36.439998626708984,1104
03:18:59,36.439998626708984,1105
03:19:01,36.439998626708984,1106
03:19:04,36.38999938964844,1107
03:19:06,36.38999938964844,1108
03:19:09,36.38999938964844,1109
03:19:11,36.38999938964844,1110
03:19:14,36.39440155029297,1111
03:19:16,36.36669921875,1112
03:19:19,36.380001068115234,1113
03:19:21,36.380001068115234,1114
03:19:24,36.380001068115234,1115
03:19:26,36.380001068115234,1116
03:19:29,36.380001068115234,1117
03:19:31,36.36009979248047,1118
03:19:34,36.36000061035156,1119
03:19:36,36.36000061035156,1120
03:19:39,36.36000061035156,1121
03:19:41,36.36000061035156,1122
03:19:44,36.36000061035156,1123
03:19:46,36.36000061035156,1124
03:19:49,36.36000061035156,1125
03:19:51,36.36000061035156,1126
03:19:54,36.36000061035156,1127
03:19:56,36.29999923706055,1128
03:19:59,36.29999923706055,1129
03:20:01,36.29999923706055,1130
03:20:03,36.29999923706055,1131
03:20:06,36.29999923706055,1132
03:20:08,36.36000061035156,1133
03:20:11,36.36000061035156,1134
03:20:13,36.36000061035156,1135
03:20:16,36.34000015258789,1136
03:20:18,36.380001068115234,1137
03:20:21,36.36000061035156,1138
03:20:23,36.36000061035156,1139
03:20:26,36.34000015258789,1140
03:20:28,36.34000015258789,1141
03:20:31,36.34000015258789,1142
03:20:33,36.34000015258789,1143
03:20:36,36.377201080322266,1144
03:20:38,36.35559844970703,1145
03:20:41,36.369998931884766,1146
03:20:43,36.369998931884766,1147
03:20:46,36.3849983215332,1148
03:20:48,36.3849983215332,1149
03:20:51,36.3849983215332,1150
03:20:53,36.3849983215332,1151
03:20:56,36.3849983215332,1152
03:20:58,36.3849983215332,1153
03:21:01,36.3849983215332,1154
03:21:03,36.3849983215332,1155
03:21:06,36.3849983215332,1156
03:21:08,36.3849983215332,1157
03:21:11,36.380001068115234,1158
03:21:13,36.380001068115234,1159
03:21:16,36.369998931884766,1160
03:21:18,36.369998931884766,1161
03:21:21,36.369998931884766,1162
03:21:23,36.369998931884766,1163
03:21:26,36.380001068115234,1164
03:21:29,36.380001068115234,1165
03:21:31,36.3849983215332,1166
03:21:34,36.3849983215332,1167
03:21:36,36.3849983215332,1168
03:21:39,36.3849983215332,1169
03:21:41,36.3849983215332,1170
03:21:44,36.3849983215332,1171
03:21:46,36.38999938964844,1172
03:21:49,36.38999938964844,1173
03:21:51,36.387699127197266,1174
03:21:54,36.387699127197266,1175
03:21:56,36.369998931884766,1176
03:21:59,36.369998931884766,1177
03:22:01,36.369998931884766,1178
03:22:04,36.375,1179
03:22:06,36.36000061035156,1180
03:22:09,36.36000061035156,1181
03:22:11,36.36000061035156,1182
03:22:14,36.36000061035156,1183
03:22:16,36.375,1184
03:22:19,36.375,1185
03:22:21,36.375,1186
03:22:24,36.375,1187
03:22:26,36.3849983215332,1188
03:22:29,36.39509963989258,1189
03:22:31,36.39509963989258,1190
03:22:34,36.39509963989258,1191
03:22:36,36.39509963989258,1192
03:22:38,36.39509963989258,1193
03:22:41,36.391998291015625,1194
03:22:43,36.391998291015625,1195
03:22:46,36.391998291015625,1196
03:22:48,36.380001068115234,1197
03:22:51,36.38010025024414,1198
03:22:54,36.38010025024414,1199
03:22:56,36.380001068115234,1200
03:22:59,36.380001068115234,1201
03:23:01,36.380001068115234,1202
03:23:04,36.380001068115234,1203
03:23:07,36.349998474121094,1204
03:23:09,36.349998474121094,1205
03:23:12,36.349998474121094,1206
03:23:14,36.349998474121094,1207
03:23:17,36.34000015258789,1208
03:23:20,36.349998474121094,1209
03:23:22,36.349998474121094,1210
03:23:25,36.349998474121094,1211
03:23:27,36.349998474121094,1212
03:23:30,36.345001220703125,1213
03:23:32,36.345001220703125,1214
03:23:35,36.345001220703125,1215
03:23:37,36.345001220703125,1216
03:23:40,36.345001220703125,1217
03:23:42,36.345001220703125,1218
03:23:45,36.345001220703125,1219
03:23:47,36.345001220703125,1220
03:23:50,36.345001220703125,1221
03:23:52,36.345001220703125,1222
03:23:55,36.349998474121094,1223
03:23:57,36.33000183105469,1224
03:24:00,36.33000183105469,1225
03:24:02,36.33000183105469,1226
03:24:05,36.34000015258789,1227
03:24:07,36.34000015258789,1228
03:24:10,36.34000015258789,1229
03:24:12,36.34000015258789,1230
03:24:14,36.33000183105469,1231
03:24:17,36.33000183105469,1232
03:24:19,36.33000183105469,1233
03:24:22,36.35340118408203,1234
03:24:24,36.35340118408203,1235
03:24:27,36.35340118408203,1236
03:24:29,36.35340118408203,1237
03:24:32,36.35340118408203,1238
03:24:34,36.35340118408203,1239
03:24:37,36.35340118408203,1240
03:24:40,36.3849983215332,1241
03:24:42,36.3849983215332,1242
03:24:45,36.3849983215332,1243
03:24:47,36.3849983215332,1244
03:24:50,36.3849983215332,1245
03:24:52,36.3849983215332,1246
03:24:55,36.3849983215332,1247
03:24:57,36.3849983215332,1248
03:25:00,36.334999084472656,1249
03:25:03,36.334999084472656,1250
03:25:05,36.31999969482422,1251
03:25:08,36.31999969482422,1252
03:25:10,36.310001373291016,1253
03:25:13,36.310001373291016,1254
03:25:15,36.33000183105469,1255
03:25:18,36.33000183105469,1256
03:25:21,36.33000183105469,1257
03:25:23,36.33000183105469,1258
03:25:26,36.33000183105469,1259
03:25:28,36.33000183105469,1260
03:25:31,36.33000183105469,1261
03:25:33,36.33000183105469,1262
03:25:36,36.33000183105469,1263
03:25:38,36.33000183105469,1264
03:25:41,36.31999969482422,1265
03:25:44,36.31999969482422,1266
03:25:46,36.349998474121094,1267
03:25:49,36.349998474121094,1268
03:25:51,36.349998474121094,1269
03:25:54,36.349998474121094,1270
03:25:56,36.36000061035156,1271
03:25:59,36.36000061035156,1272
03:26:01,36.36000061035156,1273
03:26:04,36.36000061035156,1274
03:26:07,36.36000061035156,1275
03:26:09,36.380001068115234,1276
03:26:12,36.380001068115234,1277
03:26:15,36.380001068115234,1278
03:26:17,36.380001068115234,1279
03:26:20,36.380001068115234,1280
03:26:23,36.380001068115234,1281
03:26:25,36.380001068115234,1282
03:26:28,36.380001068115234,1283
03:26:31,36.380001068115234,1284
03:26:34,36.3849983215332,1285
03:26:36,36.3849983215332,1286
03:26:39,36.34000015258789,1287
03:26:42,36.31399917602539,1288
03:26:45,36.31399917602539,1289
03:26:47,36.31399917602539,1290
03:26:50,36.31399917602539,1291
03:26:53,36.31399917602539,1292
03:26:55,36.31399917602539,1293
03:26:58,36.31399917602539,1294
03:27:01,36.31399917602539,1295
03:27:03,36.31399917602539,1296
03:27:06,36.31399917602539,1297
03:27:09,36.31399917602539,1298
03:27:11,36.33000183105469,1299
03:27:14,36.33000183105469,1300
03:27:17,36.33000183105469,1301
03:27:20,36.33000183105469,1302
03:27:22,36.33000183105469,1303
03:27:25,36.33000183105469,1304
03:27:28,36.33000183105469,1305
03:27:31,36.33000183105469,1306
03:27:33,36.33000183105469,1307
03:27:36,36.36000061035156,1308
03:27:39,36.36000061035156,1309
03:27:42,36.36000061035156,1310
03:27:44,36.369998931884766,1311
03:27:47,36.369998931884766,1312
03:27:49,36.369998931884766,1313
03:27:52,36.369998931884766,1314
03:27:55,36.369998931884766,1315
03:27:57,36.369998931884766,1316
03:28:00,36.369998931884766,1317
03:28:03,36.380001068115234,1318
03:28:05,36.36000061035156,1319
03:28:08,36.36000061035156,1320
03:28:11,36.36000061035156,1321
03:28:14,36.36000061035156,1322
03:28:16,36.36000061035156,1323
03:28:19,36.36000061035156,1324
03:28:22,36.36000061035156,1325
03:28:24,36.347198486328125,1326
03:28:27,36.347198486328125,1327
03:28:30,36.347198486328125,1328
03:28:33,36.347198486328125,1329
03:28:35,36.347198486328125,1330
03:28:38,36.33000183105469,1331
03:28:41,36.33000183105469,1332
03:28:44,36.33000183105469,1333
03:28:46,36.33000183105469,1334
03:28:49,36.349998474121094,1335
03:28:52,36.349998474121094,1336
03:28:54,36.349998474121094,1337
03:28:57,36.349998474121094,1338
03:29:00,36.349998474121094,1339
03:29:03,36.349998474121094,1340
03:29:06,36.349998474121094,1341
03:29:08,36.35499954223633,1342
03:29:11,36.35499954223633,1343
03:29:14,36.35499954223633,1344
03:29:17,36.33879852294922,1345
03:29:19,36.33879852294922,1346
03:29:22,36.33879852294922,1347
03:29:25,36.33219909667969,1348
03:29:28,36.33219909667969,1349
03:29:31,36.33219909667969,1350
03:29:33,36.347801208496094,1351
03:29:36,36.347801208496094,1352
03:29:39,36.347801208496094,1353
03:29:42,36.347801208496094,1354
03:29:45,36.34700012207031,1355
03:29:47,36.34700012207031,1356
03:29:50,36.34700012207031,1357
03:29:53,36.34700012207031,1358
03:29:56,36.33000183105469,1359
03:29:58,36.33000183105469,1360
03:30:01,36.33000183105469,1361
03:30:04,36.33000183105469,1362
03:30:07,36.33000183105469,1363
03:30:10,36.314998626708984,1364
03:30:13,36.314998626708984,1365
03:30:15,36.310001373291016,1366
03:30:18,36.310001373291016,1367
03:30:21,36.31890106201172,1368
03:30:24,36.31890106201172,1369
03:30:27,36.31890106201172,1370
03:30:29,36.29999923706055,1371
03:30:32,36.29999923706055,1372
03:30:35,36.290000915527344,1373
03:30:38,36.290000915527344,1374
03:30:41,36.290000915527344,1375
03:30:43,36.290000915527344,1376
03:30:46,36.29499816894531,1377
03:30:49,36.29499816894531,1378
03:30:52,36.29499816894531,1379
03:30:55,36.2599983215332,1380
03:30:57,36.2599983215332,1381
03:31:00,36.2599983215332,1382
03:31:03,36.2599983215332,1383
03:31:06,36.2599983215332,1384
03:31:09,36.2599983215332,1385
03:31:12,36.2599983215332,1386
03:31:14,36.279998779296875,1387
03:31:17,36.279998779296875,1388
03:31:20,36.279998779296875,1389
03:31:23,36.279998779296875,1390
03:31:25,36.279998779296875,1391
03:31:28,36.29999923706055,1392
03:31:31,36.299198150634766,1393
03:31:34,36.299198150634766,1394
03:31:37,36.299198150634766,1395
03:31:39,36.29999923706055,1396
03:31:42,36.29999923706055,1397
03:31:45,36.29999923706055,1398
03:31:48,36.275001525878906,1399
03:31:51,36.275001525878906,1400
03:31:54,36.275001525878906,1401
03:31:57,36.275001525878906,1402
03:31:59,36.279998779296875,1403
03:32:02,36.279998779296875,1404
03:32:05,36.266700744628906,1405
03:32:08,36.27000045776367,1406
03:32:10,36.27000045776367,1407
03:32:13,36.29999923706055,1408
03:32:16,36.28409957885742,1409
03:32:19,36.290000915527344,1410
03:32:22,36.2599983215332,1411
03:32:25,36.2765998840332,1412
03:32:28,36.2765998840332,1413
03:32:31,36.290000915527344,1414
03:32:34,36.290000915527344,1415
03:32:36,36.290000915527344,1416
03:32:39,36.290000915527344,1417
03:32:42,36.290000915527344,1418
03:32:45,36.290000915527344,1419
03:32:47,36.290000915527344,1420
03:32:50,36.290000915527344,1421
03:32:53,36.29999923706055,1422
03:32:56,36.29999923706055,1423
03:32:58,36.29999923706055,1424
03:33:01,36.310001373291016,1425
03:33:04,36.310001373291016,1426
03:33:07,36.310001373291016,1427
03:33:09,36.310001373291016,1428
03:33:12,36.310001373291016,1429
03:33:15,36.310001373291016,1430
03:33:18,36.29520034790039,1431
03:33:21,36.29520034790039,1432
03:33:23,36.310001373291016,1433
03:33:26,36.310001373291016,1434
03:33:29,36.310001373291016,1435
03:33:32,36.31999969482422,1436
03:33:34,36.31999969482422,1437
03:33:37,36.31999969482422,1438
03:33:40,36.314998626708984,1439
03:33:43,36.32780075073242,1440
03:33:45,36.32780075073242,1441
03:33:48,36.32780075073242,1442
03:33:51,36.34000015258789,1443
03:33:54,36.34000015258789,1444
03:33:57,36.345001220703125,1445
03:33:59,36.345001220703125,1446
03:34:02,36.33000183105469,1447
03:34:05,36.33000183105469,1448
03:34:08,36.33000183105469,1449
03:34:11,36.314998626708984,1450
03:34:14,36.31999969482422,1451
03:34:17,36.31999969482422,1452
03:34:20,36.31999969482422,1453
03:34:23,36.29999923706055,1454
03:34:26,36.29999923706055,1455
03:34:29,36.29999923706055,1456
03:34:32,36.29999923706055,1457
03:34:35,36.29999923706055,1458
03:34:37,36.31999969482422,1459
03:34:40,36.31999969482422,1460
03:34:43,36.31999969482422,1461
03:34:46,36.320499420166016,1462
03:34:49,36.320499420166016,1463
03:34:52,36.320499420166016,1464
03:34:54,36.320499420166016,1465
03:34:57,36.320499420166016,1466
03:35:00,36.314998626708984,1467
03:35:03,36.329898834228516,1468
03:35:06,36.329898834228516,1469
03:35:08,36.290000915527344,1470
03:35:11,36.26300048828125,1471
03:35:14,36.2400016784668,1472
03:35:17,36.279998779296875,1473
03:35:20,36.279998779296875,1474
03:35:22,36.279998779296875,1475
03:35:25,36.279998779296875,1476
03:35:28,36.279998779296875,1477
03:35:31,36.279998779296875,1478
03:35:34,36.25,1479
03:35:37,36.25,1480
03:35:39,36.25,1481
03:35:42,36.220001220703125,1482
03:35:45,36.22999954223633,1483
03:35:48,36.220001220703125,1484
03:35:51,36.220001220703125,1485
03:35:54,36.220001220703125,1486
03:35:57,36.233699798583984,1487
03:35:59,36.233699798583984,1488
03:36:02,36.220001220703125,1489
03:36:05,36.220001220703125,1490
03:36:08,36.220001220703125,1491
03:36:11,36.220001220703125,1492
03:36:14,36.220001220703125,1493
03:36:16,36.2400016784668,1494
03:36:19,36.22999954223633,1495
03:36:22,36.22999954223633,1496
03:36:25,36.22999954223633,1497
03:36:28,36.22999954223633,1498
03:36:31,36.22999954223633,1499
03:36:34,36.23860168457031,1500
03:36:36,36.23860168457031,1501
03:36:39,36.2400016784668,1502
03:36:42,36.256500244140625,1503
03:36:45,36.256500244140625,1504
03:36:48,36.262699127197266,1505
03:36:51,36.25,1506
03:36:54,36.25,1507
03:36:57,36.2598991394043,1508
03:37:00,36.2599983215332,1509
03:37:03,36.24100112915039,1510
03:37:06,36.22999954223633,1511
03:37:09,36.22100067138672,1512
03:37:12,36.22100067138672,1513
03:37:15,36.22999954223633,1514
03:37:18,36.22999954223633,1515
03:37:21,36.22999954223633,1516
03:37:24,36.22999954223633,1517
03:37:26,36.22999954223633,1518
03:37:29,36.2400016784668,1519
03:37:32,36.25,1520
03:37:35,36.25,1521
03:37:38,36.25,1522
03:37:41,36.25,1523
03:37:44,36.25,1524
03:37:47,36.25,1525
03:37:50,36.25,1526
03:37:53,36.25,1527
03:37:56,36.25,1528
03:37:59,36.25,1529
03:38:02,36.2400016784668,1530
03:38:05,36.2400016784668,1531
03:38:08,36.2400016784668,1532
03:38:11,36.255001068115234,1533
03:38:14,36.255001068115234,1534
03:38:17,36.255001068115234,1535
03:38:20,36.279998779296875,1536
03:38:23,36.279998779296875,1537
03:38:26,36.279998779296875,1538
03:38:29,36.29999923706055,1539
03:38:32,36.29999923706055,1540
03:38:35,36.29999923706055,1541
03:38:39,36.29999923706055,1542
03:38:42,36.31999969482422,1543
03:38:45,36.31999969482422,1544
03:38:48,36.31999969482422,1545
03:38:51,36.31999969482422,1546
03:38:54,36.31999969482422,1547
03:38:56,36.31999969482422,1548
03:38:59,36.31999969482422,1549
03:39:02,36.34000015258789,1550
03:39:05,36.34000015258789,1551
03:39:08,36.290000915527344,1552
03:39:11,36.279998779296875,1553
03:39:14,36.279998779296875,1554
03:39:17,36.279998779296875,1555
03:39:21,36.279998779296875,1556
03:39:24,36.279998779296875,1557
03:39:27,36.2599983215332,1558
03:39:30,36.29999923706055,1559
03:39:33,36.29999923706055,1560
03:39:36,36.29999923706055,1561
03:39:39,36.31990051269531,1562
03:39:42,36.29999923706055,1563
03:39:45,36.31999969482422,1564
03:39:48,36.31999969482422,1565
03:39:51,36.31999969482422,1566
03:39:54,36.32569885253906,1567
03:39:57,36.32569885253906,1568
03:40:00,36.32569885253906,1569
03:40:03,36.320098876953125,1570
03:40:06,36.31999969482422,1571
03:40:09,36.29999923706055,1572
03:40:12,36.3036003112793,1573
03:40:15,36.31990051269531,1574
03:40:18,36.31990051269531,1575
03:40:21,36.31990051269531,1576
03:40:24,36.31990051269531,1577
03:40:27,36.31990051269531,1578
03:40:30,36.29999923706055,1579
03:40:33,36.29999923706055,1580
03:40:37,36.29999923706055,1581
03:40:39,36.29999923706055,1582
03:40:42,36.29999923706055,1583
03:40:45,36.29999923706055,1584
03:40:48,36.29999923706055,1585
03:40:51,36.279998779296875,1586
03:40:55,36.279998779296875,1587
03:40:58,36.279998779296875,1588
03:41:01,36.279998779296875,1589
03:41:04,36.29999923706055,1590
03:41:07,36.29999923706055,1591
03:41:10,36.30500030517578,1592
03:41:13,36.30500030517578,1593
03:41:16,36.33000183105469,1594
03:41:19,36.290000915527344,1595
03:41:22,36.290000915527344,1596
03:41:25,36.290000915527344,1597
03:41:28,36.30379867553711,1598
03:41:31,36.30379867553711,1599
03:41:34,36.30379867553711,1600
03:41:37,36.279998779296875,1601
03:41:40,36.31999969482422,1602
03:41:43,36.32500076293945,1603
03:41:46,36.32500076293945,1604
03:41:49,36.32500076293945,1605
03:41:52,36.32500076293945,1606
03:41:55,36.32500076293945,1607
03:41:58,36.32500076293945,1608
03:42:01,36.32500076293945,1609
03:42:04,36.32500076293945,1610
03:42:07,36.34189987182617,1611
03:42:10,36.34189987182617,1612
03:42:13,36.34189987182617,1613
03:42:16,36.34189987182617,1614
03:42:19,36.349998474121094,1615
03:42:22,36.34000015258789,1616
03:42:26,36.34000015258789,1617
03:42:29,36.34000015258789,1618
03:42:32,36.35499954223633,1619
03:42:35,36.35499954223633,1620
03:42:38,36.35499954223633,1621
03:42:41,36.36399841308594,1622
03:42:44,36.34000015258789,1623
03:42:47,36.349998474121094,1624
03:42:50,36.349998474121094,1625
03:42:53,36.34000015258789,1626
03:42:56,36.34000015258789,1627
03:43:00,36.34000015258789,1628
03:43:03,36.349998474121094,1629
03:43:06,36.349998474121094,1630
03:43:09,36.349998474121094,1631
03:43:12,36.33000183105469,1632
03:43:15,36.33000183105469,1633
03:43:18,36.334999084472656,1634
03:43:21,36.334999084472656,1635
03:43:24,36.334999084472656,1636
03:43:27,36.334999084472656,1637
03:43:31,36.334999084472656,1638
03:43:34,36.30500030517578,1639
03:43:37,36.31990051269531,1640
03:43:40,36.31990051269531,1641
03:43:43,36.30500030517578,1642
03:43:46,36.30500030517578,1643
03:43:49,36.319000244140625,1644
03:43:52,36.319000244140625,1645
03:43:56,36.319000244140625,1646
03:43:59,36.319000244140625,1647
03:44:02,36.319000244140625,1648
03:44:05,36.34000015258789,1649
03:44:08,36.31999969482422,1650
03:44:12,36.334999084472656,1651
03:44:15,36.334999084472656,1652
03:44:18,36.334999084472656,1653
03:44:21,36.334999084472656,1654
03:44:24,36.334999084472656,1655
03:44:27,36.334999084472656,1656
03:44:31,36.34000015258789,1657
03:44:34,36.34000015258789,1658
03:44:37,36.34000015258789,1659
03:44:40,36.34000015258789,1660
03:44:43,36.34000015258789,1661
03:44:46,36.33000183105469,1662
03:44:49,36.34000015258789,1663
03:44:53,36.34000015258789,1664
03:44:56,36.34000015258789,1665
03:44:59,36.33000183105469,1666
03:45:02,36.33000183105469,1667
03:45:05,36.33000183105469,1668
03:45:09,36.33000183105469,1669
03:45:12,36.33000183105469,1670
03:45:15,36.33000183105469,1671
03:45:18,36.33000183105469,1672
03:45:21,36.32500076293945,1673
03:45:25,36.32500076293945,1674
03:45:28,36.32500076293945,1675
03:45:31,36.32500076293945,1676
03:45:34,36.32500076293945,1677
03:45:38,36.32500076293945,1678
03:45:41,36.32500076293945,1679
03:45:44,36.33000183105469,1680
03:45:47,36.33000183105469,1681
03:45:51,36.32500076293945,1682
03:45:54,36.32500076293945,1683
03:45:57,36.32500076293945,1684
03:46:00,36.32500076293945,1685
03:46:03,36.310001373291016,1686
03:46:06,36.290000915527344,1687
03:46:09,36.290000915527344,1688
03:46:12,36.290000915527344,1689
03:46:15,36.310001373291016,1690
03:46:18,36.310001373291016,1691
03:46:22,36.310001373291016,1692
03:46:25,36.310001373291016,1693
03:46:28,36.30950164794922,1694
03:46:31,36.31779861450195,1695
03:46:34,36.310001373291016,1696
03:46:37,36.310001373291016,1697
03:46:40,36.310001373291016,1698
03:46:43,36.29999923706055,1699
03:46:47,36.29999923706055,1700
03:46:50,36.29999923706055,1701
03:46:53,36.29999923706055,1702
03:46:56,36.29999923706055,1703
03:46:59,36.30670166015625,1704
03:47:02,36.30670166015625,1705
03:47:05,36.291099548339844,1706
03:47:08,36.209999084472656,1707
03:47:12,36.20000076293945,1708
03:47:15,36.206199645996094,1709
03:47:18,36.206199645996094,1710
03:47:21,36.206199645996094,1711
03:47:24,36.206199645996094,1712
03:47:27,36.206199645996094,1713
03:47:30,36.206199645996094,1714
03:47:34,36.2400016784668,1715
03:47:37,36.25,1716
03:47:40,36.2400016784668,1717
03:47:43,36.22999954223633,1718
03:47:46,36.25,1719
03:47:49,36.2400016784668,1720
03:47:53,36.2400016784668,1721
03:47:56,36.2400016784668,1722
03:47:59,36.2400016784668,1723
03:48:02,36.2400016784668,1724
03:48:05,36.2400016784668,1725
03:48:08,36.25,1726
03:48:12,36.25,1727
03:48:15,36.237998962402344,1728
03:48:18,36.209999084472656,1729
03:48:21,36.209999084472656,1730
03:48:24,36.209999084472656,1731
03:48:28,36.209999084472656,1732
03:48:31,36.209999084472656,1733
03:48:34,36.209999084472656,1734
03:48:37,36.209999084472656,1735
03:48:40,36.209999084472656,1736
03:48:44,36.209999084472656,1737
03:48:47,36.209999084472656,1738
03:48:50,36.209999084472656,1739
03:48:53,36.209999084472656,1740
03:48:56,36.209999084472656,1741
03:48:59,36.214900970458984,1742
03:49:03,36.214900970458984,1743
03:49:06,36.238399505615234,1744
03:49:09,36.238399505615234,1745
03:49:12,36.209999084472656,1746
03:49:15,36.22999954223633,1747
03:49:19,36.22999954223633,1748
03:49:22,36.220001220703125,1749
03:49:25,36.220001220703125,1750
03:49:28,36.20000076293945,1751
03:49:31,36.20000076293945,1752
03:49:34,36.20000076293945,1753
03:49:38,36.20000076293945,1754
03:49:41,36.189998626708984,1755
03:49:44,36.18000030517578,1756
03:49:47,36.18000030517578,1757
03:49:50,36.18000030517578,1758
03:49:54,36.18000030517578,1759
03:49:57,36.18000030517578,1760
03:50:00,36.18000030517578,1761
03:50:03,36.16999816894531,1762
03:50:07,36.16999816894531,1763
03:50:10,36.1411018371582,1764
03:50:13,36.14780044555664,1765
03:50:17,36.14780044555664,1766
03:50:20,36.1245002746582,1767
03:50:23,36.12350082397461,1768
03:50:27,36.12350082397461,1769
03:50:30,36.12350082397461,1770
03:50:33,36.125,1771
03:50:36,36.125,1772
03:50:40,36.130001068115234,1773
03:50:43,36.138999938964844,1774
03:50:46,36.13999938964844,1775
03:50:49,36.13999938964844,1776
03:50:53,36.13010025024414,1777
03:50:56,36.13999938964844,1778
03:51:00,36.13999938964844,1779
03:51:04,36.13999938964844,1780
03:51:07,36.150001525878906,1781
03:51:10,36.150001525878906,1782
03:51:13,36.16579818725586,1783
03:51:17,36.16579818725586,1784
03:51:20,36.16579818725586,1785
03:51:23,36.20000076293945,1786
03:51:27,36.20000076293945,1787
03:51:30,36.20000076293945,1788
03:51:33,36.244998931884766,1789
03:51:37,36.244998931884766,1790
03:51:40,36.22999954223633,1791
03:51:44,36.22999954223633,1792
03:51:47,36.214900970458984,1793
03:51:51,36.214900970458984,1794
03:51:54,36.23849868774414,1795
03:51:57,36.23849868774414,1796
03:52:00,36.23849868774414,1797
03:52:04,36.209999084472656,1798
03:52:08,36.209999084472656,1799
03:52:11,36.209999084472656,1800
03:52:15,36.209999084472656,1801
03:52:18,36.209999084472656,1802
03:52:21,36.189998626708984,1803
03:52:25,36.17499923706055,1804
03:52:28,36.17499923706055,1805
03:52:31,36.17499923706055,1806
03:52:35,36.189998626708984,1807
03:52:39,36.15999984741211,1808
03:52:42,36.17509841918945,1809
03:52:45,36.15999984741211,1810
03:52:49,36.15999984741211,1811
03:52:52,36.15999984741211,1812
03:52:55,36.17499923706055,1813
03:52:59,36.189998626708984,1814
03:53:02,36.198001861572266,1815
03:53:06,36.198001861572266,1816
03:53:09,36.198001861572266,1817
03:53:13,36.198001861572266,1818
03:53:16,36.198001861572266,1819
03:53:20,36.198001861572266,1820
03:53:23,36.18000030517578,1821
03:53:26,36.18669891357422,1822
03:53:30,36.220001220703125,1823
03:53:33,36.220001220703125,1824
03:53:37,36.220001220703125,1825
03:53:40,36.220001220703125,1826
03:53:44,36.20610046386719,1827
03:53:47,36.20610046386719,1828
03:53:51,36.22999954223633,1829
03:53:54,36.22999954223633,1830
03:53:58,36.209999084472656,1831
03:54:01,36.209999084472656,1832
03:54:05,36.209999084472656,1833
03:54:08,36.209999084472656,1834
03:54:12,36.20009994506836,1835
03:54:15,36.20009994506836,1836
03:54:18,36.20009994506836,1837
03:54:22,36.20009994506836,1838
03:54:25,36.20009994506836,1839
03:54:28,36.20009994506836,1840
03:54:32,36.20009994506836,1841
03:54:35,36.20000076293945,1842
03:54:38,36.20000076293945,1843
03:54:42,36.20000076293945,1844
03:54:45,36.20000076293945,1845
03:54:48,36.21500015258789,1846
03:54:52,36.21500015258789,1847
03:54:55,36.21500015258789,1848
03:54:58,36.21500015258789,1849
03:55:02,36.21500015258789,1850
03:55:05,36.21500015258789,1851
03:55:08,36.21500015258789,1852
03:55:12,36.21500015258789,1853
03:55:15,36.21500015258789,1854
03:55:18,36.18000030517578,1855
03:55:22,36.18000030517578,1856
03:55:25,36.177799224853516,1857
03:55:28,36.177799224853516,1858
03:55:32,36.15999984741211,1859
03:55:35,36.16899871826172,1860
03:55:39,36.165000915527344,1861
03:55:43,36.159000396728516,1862
03:55:46,36.159000396728516,1863
03:55:50,36.209999084472656,1864
03:55:53,36.209999084472656,1865
03:55:57,36.20500183105469,1866
03:56:00,36.20500183105469,1867
03:56:04,36.20500183105469,1868
03:56:07,36.20500183105469,1869
03:56:11,36.20500183105469,1870
03:56:14,36.20500183105469,1871
03:56:18,36.20500183105469,1872
03:56:21,36.20500183105469,1873
03:56:25,36.209999084472656,1874
03:56:29,36.209999084472656,1875
03:56:32,36.209999084472656,1876
03:56:36,36.209999084472656,1877
03:56:39,36.209999084472656,1878
03:56:42,36.220001220703125,1879
03:56:46,36.220001220703125,1880
03:56:49,36.220001220703125,1881
03:56:52,36.220001220703125,1882
03:56:56,36.220001220703125,1883
03:56:59,36.220001220703125,1884
03:57:03,36.220001220703125,1885
03:57:06,36.220001220703125,1886
03:57:10,36.207000732421875,1887
03:57:13,36.207000732421875,1888
03:57:17,36.189998626708984,1889
03:57:21,36.19329833984375,1890
03:57:24,36.19329833984375,1891
03:57:28,36.220001220703125,1892
03:57:31,36.220001220703125,1893
03:57:35,36.220001220703125,1894
03:57:39,36.2130012512207,1895
03:57:42,36.22999954223633,1896
03:57:46,36.22999954223633,1897
03:57:49,36.22999954223633,1898
03:57:53,36.2400016784668,1899
03:57:56,36.2400016784668,1900
03:58:00,36.2598991394043,1901
03:58:03,36.2598991394043,1902
03:58:07,36.230098724365234,1903
03:58:10,36.230098724365234,1904
03:58:13,36.230098724365234,1905
03:58:17,36.230098724365234,1906
03:58:20,36.230098724365234,1907
03:58:24,36.22999954223633,1908
03:58:27,36.22999954223633,1909
03:58:31,36.22999954223633,1910
03:58:34,36.22999954223633,1911
03:58:38,36.22999954223633,1912
03:58:42,36.21549987792969,1913
03:58:45,36.16999816894531,1914
03:58:49,36.18000030517578,1915
03:58:52,36.18000030517578,1916
03:58:56,36.185001373291016,1917
03:59:00,36.185001373291016,1918
03:59:03,36.18000030517578,1919
03:59:07,36.18000030517578,1920
03:59:10,36.185001373291016,1921
03:59:14,36.185001373291016,1922
03:59:18,36.185001373291016,1923
03:59:21,36.185001373291016,1924
03:59:25,36.185001373291016,1925
03:59:29,36.189998626708984,1926
03:59:32,36.18000030517578,1927
03:59:36,36.18000030517578,1928
03:59:39,36.17490005493164,1929
03:59:43,36.17490005493164,1930
03:59:47,36.150001525878906,1931
03:59:51,36.15999984741211,1932
03:59:54,36.15999984741211,1933
03:59:58,36.1682014465332,1934
04:00:02,36.1682014465332,1935
04:00:05,36.1682014465332,1936
04:00:09,36.1952018737793,1937
04:00:13,36.209999084472656,1938
04:00:17,36.224300384521484,1939
04:00:20,36.22990036010742,1940
04:00:24,36.224998474121094,1941
04:00:28,36.224998474121094,1942
04:00:32,36.224998474121094,1943
04:00:36,36.224998474121094,1944
04:00:39,36.224998474121094,1945
04:00:43,36.224998474121094,1946
04:00:47,36.25,1947
04:00:51,36.2400016784668,1948
04:00:55,36.2400016784668,1949
04:00:58,36.2400016784668,1950
04:01:02,36.2400016784668,1951
04:01:06,36.2400016784668,1952
04:01:10,36.239898681640625,1953
04:01:13,36.23550033569336,1954
04:01:17,36.23550033569336,1955
